<record><leader>00000cas a22000007a 4500</leader><controlfield tag="001">31177086</controlfield><controlfield tag="008">940926d18801885vaudr ne      0    0eng d</controlfield><datafield ind1=" " ind2=" " tag="010"><subfield code="a">sn 94059403 </subfield></datafield><datafield ind1=" " ind2=" " tag="040"><subfield code="a">NVK</subfield><subfield code="b">eng</subfield><subfield code="c">NVK</subfield><subfield code="d">OCLCQ</subfield><subfield code="d">OCLCF</subfield><subfield code="d">OCLCO</subfield></datafield><datafield ind1=" " ind2=" " tag="042"><subfield code="a">msc</subfield></datafield><datafield ind1=" " ind2=" " tag="043"><subfield code="a">n-us-va</subfield></datafield><datafield ind1="0" ind2=" " tag="130"><subfield code="a">Daily news (Lynchburg, Va. : 1880)</subfield></datafield><datafield ind1="1" ind2="4" tag="245"><subfield code="a">The Daily news.</subfield></datafield><datafield ind1="1" ind2="7" tag="246"><subfield code="a">News</subfield></datafield><datafield ind1=" " ind2=" " tag="260"><subfield code="a">Lynchburg, Va. :</subfield><subfield code="b">A. Waddill,</subfield><subfield code="c">1880-1885.</subfield></datafield><datafield ind1=" " ind2=" " tag="300"><subfield code="a">v.</subfield></datafield><datafield ind1=" " ind2=" " tag="310"><subfield code="a">Daily</subfield></datafield><datafield ind1="0" ind2=" " tag="362"><subfield code="a">Vol. 29, no. 95 (Apr. 24, 1880)-v. 39, no. 196 (Sept. 2, 1885).</subfield></datafield><datafield ind1=" " ind2=" " tag="530"><subfield code="a">Microfilm available from Micro Photo, Inc.</subfield></datafield><datafield ind1=" " ind2="0" tag="651"><subfield code="a">Lynchburg (Va.)</subfield><subfield code="v">Newspapers.</subfield></datafield><datafield ind1=" " ind2="7" tag="655"><subfield code="a">Newspapers.</subfield><subfield code="2">fast</subfield><subfield code="0">(OCoLC)fst01423814</subfield></datafield><datafield ind1=" " ind2="7" tag="651"><subfield code="a">Virginia</subfield><subfield code="z">Lynchburg.</subfield><subfield code="2">fast</subfield><subfield code="0">(OCoLC)fst01207740</subfield></datafield><datafield ind1=" " ind2=" " tag="752"><subfield code="a">United States</subfield><subfield code="b">Virginia</subfield><subfield code="d">Lynchburg.</subfield></datafield><datafield ind1="0" ind2=" " tag="775"><subfield code="t">Tri-weekly news (Lynchburg, Va.)</subfield><subfield code="w">(DLC)sn 85025545</subfield></datafield><datafield ind1="0" ind2=" " tag="775"><subfield code="t">Lynchburg weekly news</subfield><subfield code="w">(DLC)sn 85027021</subfield></datafield><datafield ind1="0" ind2="0" tag="780"><subfield code="t">Lynchburg daily news (Lynchburg, Va. : 1866)</subfield><subfield code="w">(DLC)sn 84024644</subfield></datafield><datafield ind1="0" ind2="0" tag="785"><subfield code="t">Lynchburg daily news (Lynchburg, Va. : 1885)</subfield><subfield code="w">(DLC)sn 94059410</subfield></datafield></record>